@book{baader1999term,
  title={Term rewriting and all that},
  author={Baader, Franz and Nipkow, Tobias},
  year={1999},
  publisher={Cambridge university press}
}

@article{huet1980confluent,
  title={Confluent reductions: Abstract properties and applications to term rewriting systems: Abstract properties and applications to term rewriting systems},
  author={Huet, G{\'e}rard},
  journal={Journal of the ACM (JACM)},
  volume={27},
  number={4},
  pages={797--821},
  year={1980},
  publisher={ACM}
}

@book{ConvexPolytopes,
  title={Convex Polytopes},
  author={Gr√ºnbaum, Branko and others},
  volume={221},
  year={2003},
  publisher={Springer}
}

@article{devos2010eberhard,
  title={An {Eberhard}-like theorem for pentagons and heptagons},
  author={DeVos, Matt and Georgakopoulos, Agelos and Mohar, Bojan and {\v{S}}{\'a}mal, Robert},
  journal={Discrete \& Computational Geometry},
  volume={44},
  number={4},
  pages={931--945},
  year={2010},
  publisher={Springer}
}

@article{jendrol1977generalization,
  title={Generalization of a theorem by {V. Eberhard}},
  author={Jendrol', Stanislav and Jucovi{\v{c}}, Ernest},
  journal={Mathematica Slovaca},
  volume={27},
  number={4},
  pages={383--407},
  year={1977},
  publisher={Mathematical Institute of the Slovak Academy of Sciences}
}

@article{trenkler1975face,
  title={On the face-vector of a 5-valent convex 3-polytope},
  author={Trenkler, Mari{\'a}n},
  journal={Matematick{\`y} {\v{c}}asopis},
  volume={25},
  number={4},
  pages={351--360},
  year={1975},
  publisher={Mathematical Institute of the Slovak Academy of Sciences}
}

@article{brehm2004polyhedralmaps,
  title={21 POLYHEDRAL MAPS},
  author={Brehm, Ulrich and Schulte, Egon},
  journal={Handbook of discrete and computational geometry},
  pages={477},
  year={2004},
  publisher={Citeseer}
}

@article{menger,
  title={Zur allgemeinen {K}urventheorie},
  author={Menger, Karl},
  journal={Fundamenta Mathematicae},
  volume={10},
  number={1},
  pages={96--115},
  year={1927},
  publisher={Institute of Mathematics Polish Academy of Sciences}
}
